<?xml version="1.0" encoding="UTF-8"?><collection xmlns="http://www.loc.gov/MARC21/slim"><record><leader>00633nam--2200181-i-4500</leader><controlfield tag="001">000043490</controlfield><controlfield tag="002">20161230</controlfield><controlfield tag="005">20161230201044</controlfield><controlfield tag="008">060222s1000------------r-----000-0-eng-d</controlfield><datafield ind1=" " ind2=" " tag="040"><subfield code="a">IFIN-HH</subfield></datafield><datafield ind1=" " ind2=" " tag="080"><subfield code="a">537.32:537.228.1+537.312.62</subfield></datafield><datafield ind1="1" ind2=" " tag="100"><subfield code="a">Wolfers, F</subfield></datafield><datafield ind1="1" ind2="0" tag="245"><subfield code="a">Tables annuelles de constantes et donnes numeriques. effet volta. thermoelectricite. piezoelectricite. conductibilite electrique metallique. supraconductibilite</subfield><subfield code="c">F. wolfers, r. lucas, j. mendousse</subfield></datafield><datafield ind1=" " ind2=" " tag="260"><subfield code="a">Paris</subfield><subfield code="b">Herman &amp; C-ie, Editeurs</subfield><subfield code="c">1937</subfield></datafield><datafield ind1=" " ind2=" " tag="300"><subfield code="a">/PAG.DIF.</subfield></datafield><datafield ind1="1" ind2=" " tag="700"><subfield code="a">Mendousse, J</subfield></datafield><datafield ind1=" " ind2=" " tag="852"><subfield code="a">16003</subfield><subfield code="c">53.081</subfield></datafield><datafield ind1=" " ind2=" " tag="CAT"><subfield code="a">Sys</subfield><subfield code="c">20151117</subfield><subfield code="h">143004</subfield></datafield></record></collection>